<?xml version="1.0" encoding="UTF-8"?><record xmlns="http://www.loc.gov/MARC21/slim" xmlns:cinclude="http://apache.org/cocoon/include/1.0" xmlns:zs="http://www.loc.gov/zing/srw/">
  <leader>00787cz  a2200145n  4500</leader>
  <controlfield tag="001">n  83162462 </controlfield>
  <controlfield tag="003">DLC</controlfield>
  <controlfield tag="005">19901025052825.6</controlfield>
  <controlfield tag="008">830712n| acannaab|          |a ana |||  </controlfield>
  <datafield tag="010" ind1=" " ind2=" ">
    <subfield code="a">n  83162462 </subfield>
  </datafield>
  <datafield tag="040" ind1=" " ind2=" ">
    <subfield code="a">DLC</subfield>
    <subfield code="c">DLC</subfield>
    <subfield code="d">ICRL</subfield>
  </datafield>
  <datafield tag="110" ind1="2" ind2="0">
    <subfield code="a">Universidade de Coimbra.</subfield>
    <subfield code="b">Instituto de Antropologia</subfield>
  </datafield>
  <datafield tag="410" ind1="2" ind2="0">
    <subfield code="a">Universidade de Coimbra.</subfield>
    <subfield code="b">Faculdade de Ciências e Tecnologia.</subfield>
    <subfield code="b">Instituto de Antropologia</subfield>
  </datafield>
  <datafield tag="670" ind1=" " ind2=" ">
    <subfield code="a">Contribuções para o estudo da antro. port., v. 10, fasc. 6. (ser. x-ref.) Cardoso, C.L. Fechaduras de madeira ... 1981:</subfield>
    <subfield code="b">t.p. (Universidade de Coimbra, Instituto de Antropologia)</subfield>
  </datafield>
  <datafield tag="670" ind1=" " ind2=" ">
    <subfield code="a">Cunha, A.X. Contribution à l'histoire de l'anthrop. physique au Portugal, 1982:</subfield>
    <subfield code="b">verso of t.p. (Instituto de Antropologia, Faculdade de Cîencias e Tecnologia, Universidade de Coimbra)</subfield>
  </datafield>
</record>